@inproceedings{obgl:tw,
 author = {Orna Berry and Greg Lomow},
 title = {Speeding up distributed simulation using the time warp mechanism},
 booktitle = {EW 2: Proceedings of the 2nd workshop on Making distributed systems work},
 year = {1986},
 isbn = {1-23456-789-0},
 pages = {1--14},
 location = {Amsterdam, Netherlands},
 doi = {http://doi.acm.org/10.1145/503956.503964},
 publisher = {ACM Press},
 address = {New York, NY, USA}
 }

@article{ysja:sr,
 author = {Yimsic Shim and Jaques G. Amar},
 title = {Synchronous relaxation algorithm for parallel kinetic Monte Carlo},
 journal = {Physical Review B},
 volume = {71},
 year = {2005},
 pages = {1--13},
 url = {http://www.physics.utoledo.edu/~jamar/ph/sublatticeprb.pdf}
 }

@inproceedings{blaw:ising,
 author = {Boris Lubachevsky and Alan Weiss},
 title = {Synchronous relaxation for parallel Ising spin simulations},
 booktitle = {PADS '01: Proceedings of the fifteenth workshop on Parallel and distributed simulation},
 year = {2001},
 isbn = {0-7695-1104-X},
 pages = {185--192},
 location = {Lake Arrowhead, California, United States},
 publisher = {IEEE Computer Society},
 address = {Washington, DC, USA}
 }

@unpublished{ae:kmc,
 author = {A. Esteve},
 title = {Kinetic Monte Carlo Technique in the modeling of Micro/Nanotechnologies},
 note = {http://www.laas.fr/ATOMCAD/Doc/aesteve.pdf}
 }

@unpublished{pc:kmc,
 author = {Paul Coddington},
 title = {Monte Carlo Simulation for Statistical Physics},
 note = {http://www.npac.syr.edu/users/paulc/lectures/montecarlo/p\_montecarlo.html}
 }